@article{arnett66,
  author={Arnett, W. D.},
  title={Gravitational collapse and weak interactions},
  year={1966},
  journal={Can. J. Phys.},
  volume={44},
  pages={2553--2594},
  doi={10.1139/p66-210},
}

@article{colgatewhite64,
  author={{Colgate}, S. A. and {White}, R. H.},
  title={The Hydrodynamic Behavior of Supernovae Explosions},
  year={1964},
  journal={Astrophys. J.},
  volume={143},
  pages={626--681}
}

@ARTICLE{bck85,
       author = {{Baron}, E. and {Cooperstein}, J. and {Kahana}, S.},
        title = "{Type II supernovae in 12M$_\odot$ and 15M$_\odot$ stars:
        The equation of state and general relativity}",
      journal = {Physical Review Letters},
     keywords = {Equations Of State, Relativity, Stellar Models, Supernovae, Explosions, Hydrodynamic Equations, Neutrons, Stellar Cores, Astrophysics, 97.60.Bw, 95.30.Cq, Supernovae, Elementary particle processes},
         year = 1985,
        month = jul,
       volume = {55},
       number = {1},
        pages = {126-129},
          doi = {10.1103/PhysRevLett.55.126},
       adsurl = {https://ui.adsabs.harvard.edu/abs/1985PhRvL..55..126B},
      adsnote = {Provided by the SAO/NASA Astrophysics Data System}
}

